00580cas a22002291a 4500
001 9917737383502836
003 Nz
005 20161223172951.0
008 031219d18781879nz  r ne      0   0 eng d
035    $a (Nz)8135006
035    $a (OCoLC)947774495
035    $a (NLNZils)1773738
035    $a (NLNZils)1773738-ilsdb
040    $a WN $c WN
042    $a nznb
043    $a u-nz---
245 00 $a Clutha times.
260    $a Balclutha [N.Z.]
310    $a Semiweekly
362 0  $a 1878 Sep.10-1879?
651  0 $a Clutha District (N.Z.) $v Newspapers.
655  7 $a New Zealand newspapers. $2 local $5 Nz
